@article{Langville2004Kronecker,
  title={The Kronecker product and stochastic automata networks},
  author={Langville, Amy N. and Stewart, William J.},
  journal={Journal of Computational and Applied Mathematics},
  volume={167},
  number={2},
  pages={429--447},
  year={2004},
  publisher={Elsevier},
}